@article{scalable-compnent-abstractions,
  author = "Martin Odersky and Matthias Zenger",
  title = "Scalable Component Abstractions",
  year = "2005",
  month = "October",
  journal = "ACM SIGPLAN Notices",
  volume = "40",
  number = "10",
  ISBN = "1-59593-031-0",
  doi = "doi>10.1145/1094811.1094815",
  language = "English"
  }

@manual{scala-tutorial,
  author = "Michel Schinz and Philipp Haller",
  title = "A Scala Tutorial for Java programmers",
  year = "2011",
  month = "May",
  organization = "EPFL",
  URL = "http://www.scala-lang.org/sites/default/files/linuxsoft_archives/docu/files/ScalaTutorial.pdf",
  language = "English"
  }

@book{scala-by-example,
  author = "Martin Odersky",
  title = "Scala By Example",
  year = "2011",
  month = "May",
  organization = "EPFL",
  URL = "http://www.scala-lang.org/docu/files/ScalaByExample.pdf",
  language = "English"
  }

@article{Lieberman:1987:TO:62139.62144,
 author = {Lieberman, Henry and Stein, Lynn and Ungar, David},
 title = {Treaty of Orlando},
 journal = {SIGPLAN Not.},
 volume = {23},
 issue = {5},
 month = {January},
 year = {1987},
 issn = {0362-1340},
 pages = {43--44},
 numpages = {2},
 url = {http://doi.acm.org/10.1145/62139.62144},
 doi = {http://doi.acm.org/10.1145/62139.62144},
 acmid = {62144},
 publisher = {ACM},
 address = {New York, NY, USA},
}

@inproceedings{Lieberman:1987:TO:62138.62144,
 author = {Lieberman, Henry and Stein, Lynn and Ungar, David},
 title = {Treaty of Orlando},
 booktitle = {Addendum to the proceedings on Object-oriented programming systems, languages and applications (Addendum)},
 series = {OOPSLA '87},
 year = {1987},
 isbn = {0-89791-266-7},
 location = {Orlando, Florida, United States},
 pages = {43--44},
 numpages = {2},
 url = {http://doi.acm.org/10.1145/62138.62144},
 doi = {http://doi.acm.org/10.1145/62138.62144},
 acmid = {62144},
 publisher = {ACM},
 address = {New York, NY, USA},
}

@book{types-and-programming-languages,
  author = {Benjamin C. Pierce},
  title = {Types and Programming Languages},
  year = "2002",
  isbn = "0-262-16209-1",
  publisher = {The MIT Press},
  url = {http://www.cis.upenn.edu/~bcpierce/tapl/},
  language = "English"
  }

@book{Booch:2007:OAD:1407387,
 author = {Booch, Grady and Maksimchuk, Robert and Engle, Michael and Young, Bobbi and Conallen, Jim and Houston, Kelli},
 title = {Object-oriented analysis and design with applications, third edition},
 year = {2007},
 isbn = {9780201895513},
 edition = {Third},
 publisher = {Addison-Wesley Professional},
} 

@book{cpp-design-evolution,
   author = {{Stroustrup}, B.},
    title = "{The design and evolution of C++}",
booktitle = {Reading, MA: Addison-Wesley, |c1994},
     year = 1994,
   editor = "{Stroustrup, B.}",
   adsurl = {http://adsabs.harvard.edu/abs/1994dec..book.....S},
  adsnote = {Provided by the SAO/NASA Astrophysics Data System}
}
