@article{scalable-compnent-abstractions,
  author = "Martin Odersky and Matthias Zenger",
  title = "Scalable Component Abstractions",
  year = "2005",
  month = "October",
  journal = "ACM SIGPLAN Notices",
  volume = "40",
  number = "10",
  note = "FIXME: ISBN:1-59593-031-0 doi>10.1145/1094811.1094815 ACM SIGPLAN Notices - Proceedings of the 20th annual ACM SIGPLAN conference on Object oriented programming systems languages and applications"
}
