@article{bdr97,
  author = "A. Basalykas and V. Diciunas and Sarunas Raudys",
  title = "On expected probability of misclassification of zero empirical error classifier.",
  year = "1997",
  journal = "Informatica",
  volume = "8",
  number = "2",
  pages = "310--311"
}
